<?xml version="1.0" encoding="UTF-8"?><record xmlns="http://www.loc.gov/MARC21/slim" xmlns:cinclude="http://apache.org/cocoon/include/1.0" xmlns:zs="http://www.loc.gov/zing/srw/">
  <leader>00621cz  a2200181n  4500</leader>
  <controlfield tag="001">no 99043903 </controlfield>
  <controlfield tag="003">DLC</controlfield>
  <controlfield tag="005">20020406073450.0</controlfield>
  <controlfield tag="008">990621n| acannaabn          |a aaa      </controlfield>
  <datafield tag="010" ind1=" " ind2=" ">
    <subfield code="a">no 99043903 </subfield>
  </datafield>
  <datafield tag="035" ind1=" " ind2=" ">
    <subfield code="a">(OCoLC)oca05010879</subfield>
  </datafield>
  <datafield tag="040" ind1=" " ind2=" ">
    <subfield code="a">DLC-ON</subfield>
    <subfield code="b">eng</subfield>
    <subfield code="c">DLC-ON</subfield>
    <subfield code="d">OCoLC</subfield>
  </datafield>
  <datafield tag="053" ind1=" " ind2="0">
    <subfield code="a">PK2098.26.A</subfield>
  </datafield>
  <datafield tag="100" ind1="1" ind2=" ">
    <subfield code="a">Kalera, Manohara Siṃha,</subfield>
    <subfield code="d">1942-</subfield>
  </datafield>
  <datafield tag="400" ind1="0" ind2=" ">
    <subfield code="a">Manohara Siṃha Kalera,</subfield>
    <subfield code="d">1942-</subfield>
  </datafield>
  <datafield tag="400" ind1="0" ind2=" ">
    <subfield code="a">Manohar Singh Kler,</subfield>
    <subfield code="d">1942-</subfield>
  </datafield>
  <datafield tag="400" ind1="1" ind2=" ">
    <subfield code="a">Kler, Manohar Singh,</subfield>
    <subfield code="d">1942-</subfield>
  </datafield>
  <datafield tag="670" ind1=" " ind2=" ">
    <subfield code="a">Śarmindagī, 1999:</subfield>
    <subfield code="b">t.p. (Manohara Siṃha Kalera) t.p. verso (Manohar Singh Kler) jkt. (artist, Delhi Public Library; b. 06/13/1942)</subfield>
  </datafield>
</record>